@inproceedings{7765670,
  author    = {Popić, Srđan and Pezer, Dražen and Mrazovac, Bojan and Teslić, Nikola},
  booktitle = {2016 International Conference on Smart Systems and Technologies (SST)},
  title     = {Performance evaluation of using Protocol Buffers in the Internet of Things communication},
  year      = {2016},
  volume    = {},
  number    = {},
  pages     = {261-265},
  keywords  = {Protocols;Internet of Things;Automobiles;XML;Servers;encoding;Google Protocol Buffers;intelligent transportation;Internet of Things;performance},
  doi       = {10.1109/SST.2016.7765670}
}

@online{protobufs,
  author  = {Google LLC},
  title   = {Protocol Buffers Documentation},
  url     = {https://protobuf.dev/},
  urldate = {2024-12-24}
}

@online{syncthing,
  author  = {Syncthing Foundation},
  title   = {Syncthing},
  url     = {https://syncthing.net/},
  urldate = {2024-12-24}
}

@online{platformio,
  author  = {PlatformIO Labs},
  title   = {Your Gateway to Embedded Software Development Excellence · PlatformIO},
  url     = {https://platformio.org/},
  urldate = {2024-12-25}
}